@book{fisicauniversitaria,
  title={F{\'\i}sica universitaria con f{\'\i}sica moderna 12ED. Volumen II},
  author={Young, H.D. and Sears, F.W. and Freedman, R.A. and Zemansky, M.W. and Ford, A.L. and Brito, J.E. and Flores, V.A.F. and Leal, R.G.},
  number={v. 2},
  isbn={9786074423044},
  series={F{\'\i}sica universitaria},
  url={https://books.google.com.co/books?id=dYpHuQAACAAJ},
  year={2009},
  publisher={Pearson Educaci{\'o}n}
}

@book{serway2004modern,
  title={Modern Physics},
  author={Serway, R.A. and Moses, C.J. and Moyer, C.A.},
  isbn={9780534493394},
  lccn={2004101232},
  url={https://books.google.com.co/books?id=Yfo3rnt3bkEC},
  year={2004},
  publisher={Cengage Learning}
}

@article{Bohr,
	year = {1913},
	journal = {Philosophical Magazine},
	title = {On the Constitution of Atoms and Molecules, Part I},
	pages = {1--25},
	author = {Niels Bohr},
	volume = {26}
}

@article{LEDs,
author = {P. Garver, Wayne},
year = {2006},
month = {05},
pages = {},
title = {The Photoelectric Effect Using LEDs as Light Sources},
volume = {44},
journal = {The Physics Teacher},
doi = {10.1119/1.2195395}
}

@article{LEDs_lambda,
author = {Klipstein, Don},
year = {2006},
month = {06},
title = {LED types by Color, Light and Chemistry},
journal = {Lighting Main Page}
}



@article{Leds_semiconductores,
Abstract = {Presents a study which demonstrates that the epitaxial growth of GaN/(Al,Ga)N on tetragonal LiAlO2 in a non-polar direction allows the fabrication of structures free of electrostatic fields. How the absence of electrostatic fields improves the quantum or luminous efficiency in light-emitting diodes (LEDs); Implications for the efficiency of white LEDs.},
Author = {Waltereit, P. and Brandt, O. and Trampert, A. and Grahn, H.T. and Menniger, J. and Ramsteiner, M. and Reiche, M. and Ploog, K.H.},
ISSN = {00280836},
Journal = {Nature},
Keywords = {LIGHT emitting diodes, ELECTROSTATICS, LUMINESCENCE, SEMICONDUCTOR diodes},
Number = {6798},
Pages = {865},
Title = {Nitride semiconductors free of electrostatic fields for efficient white light-emitting diodes.},
Volume = {406},
URL = {http://search.ebscohost.com.ezproxy.uniandes.edu.co:8080/login.aspx?direct=true&db=a9h&AN=3487784&lang=es&site=ehost-live},
Year = {2000},
}

@article{LED_monocromatico,
	author = {Carlos Vargas-Hernadez y Miguel Rengifo Morocho},
	title = {Caracterización óptica de Diodos emisores de Luz mediante su espectros de emisión y patrones de radiación},
	journal = {Scientia et technica},
	volume = {2},
	number = {51},
	year = {2012},
	keywords = {Espectros de emisión, LED’s, patrones de radiación},
	abstract = {Se obtuvieron los espectros de emisión y patrones de radiación de LED’s de distintos colores. Los espectros de emisión fueron obtenidos utilizando un montaje óptico que permitía descomponer la radiación visible en sus diferentes longitudes de onda. Con un sensor de luz ubicado a la salida del sistema óptico se obtuvieron las lecturas de intensidad respectivas. El montaje fue calibrado con las tres líneas más prominentes del espectro de la lámpara de mercurio correspondientes a los valores de 404.7, 546.1, 578 nm y además con un láser de He-Ne de longitud de onda de 633nm. Los patrones de radiación se obtuvieron con un goniómetro simple y un sensor de luz},
	issn = {2344-7214},	pages = {66--70},	doi = {10.22517/23447214.7161},
	url = {http://revistas.utp.edu.co/index.php/revistaciencia/article/view/7161}
}

@article{argon, 
author = {P., P. and R., F. and S., R. and M., E. and C., R.}, 
title = {Caracterización de Espectros de Aire, Ar y Mezcla Aire-Argón Mediante la Técnica de Espectroscopía de Plasma Producido por Laser, LPPS}, 
year = {2009}, 
journal = {Bistua: Revista de la Facultad de Ciencias Básicas}, 
volume = {7}, 
pages = {1-6}, 
keywords = {Plasma-producido por laser; LPPS; espectroscopía óptica; argón; plot de Boltzmann; Ensanchamiento Stark.; Laser-produced plasma; Optical spectroscopy; Argon; Boltzmann plot; Broadening Stark.; }, 
issn = {0120-4211},
language = {Español},
url = {https://www.redalyc.org/articulo.oa?id=90312180003},
abstract = { En este trabajo presentamos la implementación de la técnica Laser-Produced Plasma Spectroscopy, LPPS, y métodos de la Espectroscopía Óptica de Emisión Atómica (OES) para la caracterización de plasmas de aire, argón y mezcla aire-argón. Los plasmas-laser fueron generados enfocando la radiación de un laser pulsado de Nd:YAG configurado para operar en el segundo armónico a 532 nm, con ancho de pulso...}
} 

@misc{NIST,
  author = {National Institute of Standards and Technology},
  title = {NIST Atomic Spectra Database Lines Form},
  year = 1901,
  url = {https://physics.nist.gov/PhysRefData/ASD/lines_form.html},
  urldate = {2019-02-23}
}