@article{LEDs,
author = {P. Garver, Wayne},
year = {2006},
month = {05},
pages = {},
title = {The Photoelectric Effect Using LEDs as Light Sources},
volume = {44},
journal = {The Physics Teacher},
doi = {10.1119/1.2195395}
}

@book{Einstein,
  title={Fisica Moderna Edicion Revisada},
  author={Moreno, N.E.F. and Mart{\'\i}nez, J.E.F.},
  isbn={9789702607892},
  series={Pearson educaci{\'o}n},
  url={https://books.google.com.co/books?id=v3P8NP6M5P4C},
  year={2007},
  publisher={Pearson Educaci{\'o}n}
}

@article{Millikan,
author = {Lloyd,David R. },
title = {What was measured in Millikan's study of the photoelectric effect?},
journal = {American Journal of Physics},
volume = {83},
number = {9},
pages = {765-772},
year = {2015},
doi = {10.1119/1.4928173},
URL = {https://doi.org/10.1119/1.4928173},
eprint = {https://doi.org/10.1119/1.4928173}
}

@article{Errores_asociados_new_approach,
author = {Knudsen,Arthur W. },
title = {The photoelectric determination of h/e: A new approach to an old problem},
journal = {American Journal of Physics},
volume = {51},
number = {8},
pages = {725-729},
year = {1983},
doi = {10.1119/1.13155},
URL = {https://doi.org/10.1119/1.13155},
eprint = {https://doi.org/10.1119/1.13155}
}

@article{funcion_de_trabajo_del_metal,
author = {C. Savage, W. Fisher, P. Cushman, A. Heering},
title = {Dark Noise Determinations of Hybrid Photo Diodes},
journal = {High Energy Physics at Minnesota},
number = {MN 55455},
year = {2008},
URL = {http://www.hep.umn.edu/us-cms/hcal/Noise/HTML/SavagesReport/SavagesReport.htm},
}