@article{Law,
author = {Edmonds,I. R. },
title = {Stephan-Boltzmann Law in the Laboratory},
journal = {American Journal of Physics},
volume = {36},
number = {9},
pages = {845-846},
year = {1968},
doi = {10.1119/1.1975165},
URL = {https://doi.org/10.1119/1.1975165},
eprint = {https://doi.org/10.1119/1.1975165}
}

@book{Cuestiones,
  title={Cuestiones de f{\'\i}sica},
  author={Peris, J.A. and Senent, F. and P{\'e}rez, F.S.},
  isbn={9788429140125},
  series={?`Por qu{\'e}?},
  url={https://books.google.com.co/books?id=VhgYuAy3Qu8C},
  year={1980},
  publisher={Revert{\'e}}
}

@article{electric,
author = {Prasad,B. S. N.  and Mascarenhas,Rita },
title = {A laboratory experiment on the application of Stefan’s law to tungsten filament electric lamps},
journal = {American Journal of Physics},
volume = {46},
number = {4},
pages = {420-423},
year = {1978},
doi = {10.1119/1.11299},
URL = {https://doi.org/10.1119/1.11299},
eprint = {https://doi.org/10.1119/1.11299}
}

@book{evolucion,
  title={La evoluci{\'o}n de nuestro universo},
  author={Longair, M.S. and Stengler-Larrea, E.},
  isbn={9788483230312},
  url={https://books.google.com.co/books?id=hTwgfpoj3cEC},
  year={1999},
  publisher={Ediciones Akal}
}

@article{revisiting,
author = {Carlà,Marcello },
title = {Stefan–Boltzmann law for the tungsten filament of a light bulb: Revisiting the experiment},
journal = {American Journal of Physics},
volume = {81},
number = {7},
pages = {512-517},
year = {2013},
doi = {10.1119/1.4802873},
URL = {https://doi.org/10.1119/1.4802873},
eprint = {https://doi.org/10.1119/1.4802873}
}

@article{malampara,
author = {Nassar,Antonio  and Mednik,Max },
title = {Introductory physics of harmonic distortion in fluorescent lamps},
journal = {American Journal of Physics},
volume = {71},
number = {6},
pages = {577-579},
year = {2003},
doi = {10.1119/1.1544505},
URL = {https://doi.org/10.1119/1.1544505},
eprint = { 
        https://doi.org/10.1119/1.1544505}
}