@book{fisicauniversitaria,
  title={F{\'\i}sica universitaria con f{\'\i}sica moderna 12ED. Volumen II},
  author={Young, H.D. and Sears, F.W. and Freedman, R.A. and Zemansky, M.W. and Ford, A.L. and Brito, J.E. and Flores, V.A.F. and Leal, R.G.},
  number={v. 2},
  isbn={9786074423044},
  series={F{\'\i}sica universitaria},
  url={https://books.google.com.co/books?id=dYpHuQAACAAJ},
  year={2009},
  publisher={Pearson Educaci{\'o}n}
}

@article{Bragg,
Abstract = {In this research, the characteristic constants for optical fiber Bragg grating strain sensors were determined for their use in metallic structures. Three different experiments were performed with the purpose of finding the constant relationship between the optical wavelength reflected by the FBG sensor and the strain or temperature incidents in a specific structure. It was established a comparison between the behavior of optical sensors versus electrical sensors used traditionally. From these experiments it was obtained a constant value for temperature values between 20 °C and 70 °C; and for strain from zero up to 1800 ue. All measurements were taken in 'in-situ' conditions for tests of metallic structures. The results show a higher speed of response for the optical sensors when compared with electrical resistance strain gauges or thermocouples. Also, fiber Bragg grating sensors show a larger operating range in tensile tests. (English) [ABSTRACT FROM AUTHOR]},
Author = {Triana-Infante, Cristian Andrés and Varón-Durán, Margarita and Pastor-Abellán, Daniel},
ISSN = {16921798},
Journal = {Iteckne},
Keywords = {Optical fiber detectors, Fiber Bragg gratings, Optical fiber detectors testing, Structural health monitoring, Pressure sensors, Temperature measurements, FBG, fiber Bragg gratings, medición de deformación, medición de temperatura, monitoreo estructural, Optical fiber sensor, optical sensor, sensor óptico, Sensor de fibra óptica, strain measurement, structural health monitoring, temperature measurement, FBG, fiber Bragg gratings, medición de deformación, medición de temperatura, monitoreo estructural, sensor óptico, Sensor de fibra óptica},
Number = {2},
Pages = {172 - 182},
Title = {Validación de sensores basados en redes de difracción de bragg (fbgs) para deformación y temperatura.},
Volume = {11},
URL = {http://search.ebscohost.com.ezproxy.uniandes.edu.co:8080/login.aspx?direct=true&db=fua&AN=102070253&lang=es&site=ehost-live},
Year = {2014},
}

@phdtesis{rayos_x,
  author = {N. Gantiva Honestrosa}, 
  title = {Caracterización del Espectrómetro de Fluorescencia de Rayos-X y sus Aplicaciones}, 
  school = {Departamento de Ingeniería Mecánica}, 
  year = {2008}, 
  type = {Proyecto de grado}, 
  month = {Diciembre}, 
}

@article{powder_diffraction,
author = {Ahn, D. and Shin, N.},
title = {8C2 high-resolution powder diffraction beamline at Pohang Light Source and its recent results},
journal = {Acta Crystallographica Section A},
year = {2008},
volume = {64},
number = {a1},
pages = {C180},
month = {Aug},
doi = {10.1107/S0108767308094257},
url = {https://doi.org/10.1107/S0108767308094257},
}